@misc{Bluetoot59:online,
author = {},
title = {Bluetooth - Wikipedia},
howpublished = {\url{https://en.wikipedia.org/wiki/Bluetooth}},
month = {},
year = {},
note = {(Accessed on 10/03/2017)}
}
@misc{IEEE802137:online,
author = {},
title = {IEEE 802.15.4 - Wikipedia},
howpublished = {\url{https://en.wikipedia.org/wiki/IEEE_802.15.4}},
month = {},
year = {},
note = {(Accessed on 10/03/2017)}
}
@misc{Security81:online,
author = {},
title = {Security in 802.15.4 and ZigBee networks | Libelium},
howpublished = {\url{http://www.libelium.com/security-802-15-4-zigbee/}},
month = {},
year = {},
note = {(Accessed on 07/10/2017)}
}
@misc{loraalli46:online,
author = {},
title = {lora-alliance},
howpublished = {\url{https://www.lora-alliance.org/}},
month = {},
year = {},
note = {(Accessed on 10/08/2017)}
}
@misc{LPWANWik40:online,
author = {},
title = {LPWAN - Wikipedia},
howpublished = {\url{https://en.wikipedia.org/wiki/LPWAN}},
month = {},
year = {},
note = {(Accessed on 09/10/2017)}
}
@misc{Genevebr38:online,
author = {},
title = {Gen√®ve brille par son absence au classement des villes intelligentes - Le Temps},
howpublished = {\url{https://www.letemps.ch/economie/2017/05/30/geneve-brille-absence-classement-villes-intelligentes}},
month = {},
year = {},
note = {(Accessed on 19/10/2017)}
}
@misc{ISMbandW77:online,
author = {},
title = {ISM band - Wikipedia},
howpublished = {\url{https://en.wikipedia.org/wiki/ISM_band}},
month = {},
year = {},
note = {(Accessed on 19/10/2017)}
}
@misc{DipoleLe18:online,
author = {},
title = {Dipole Length | Antenna Length Calculation \& Formula | Tutorial},
howpublished = {\url{http://www.radio-electronics.com/info/antennas/dipole/length-calculation-formula.php}},
month = {},
year = {},
note = {(Accessed on 19/10/2017)}
}